<?xml version="1.0" encoding="UTF-8"?><collection xmlns="http://www.loc.gov/MARC21/slim"><record><leader>00542nam--2200193-i-4500</leader><controlfield tag="001">000034980</controlfield><controlfield tag="002">20161230</controlfield><controlfield tag="005">20170103010422</controlfield><controlfield tag="008">060222s1000------------r-----000-0-rum-d</controlfield><datafield ind1=" " ind2=" " tag="040"><subfield code="a">IFIN-HH</subfield></datafield><datafield ind1=" " ind2=" " tag="041"><subfield code="a">rum</subfield></datafield><datafield ind1=" " ind2=" " tag="080"><subfield code="a">519.24(075.8):658.562(075.8)</subfield></datafield><datafield ind1="1" ind2=" " tag="100"><subfield code="a">Panaite, Val Gh</subfield></datafield><datafield ind1="1" ind2="0" tag="245"><subfield code="a">Control statistic si fiabilitate</subfield><subfield code="c">Val Gh. Panaite, Radu I. Munteanu</subfield></datafield><datafield ind1=" " ind2=" " tag="260"><subfield code="a">Bucuresti</subfield><subfield code="b">Editura Didactica Si Pedagogica</subfield><subfield code="c">1982</subfield></datafield><datafield ind1=" " ind2=" " tag="300"><subfield code="a">259 p</subfield></datafield><datafield ind1="1" ind2=" " tag="700"><subfield code="a">Munteanu, Radu L</subfield></datafield><datafield ind1=" " ind2=" " tag="852"><subfield code="a">70281</subfield><subfield code="c">519.24</subfield></datafield><datafield ind1=" " ind2=" " tag="CAT"><subfield code="a">SYS</subfield><subfield code="c">20170103</subfield><subfield code="h">010422</subfield></datafield></record></collection>